@book{UAV,
 author = {Kuiper, E. and Nadjm-Tehrani, S.},
 title = {Mobility Models for UAV Group Reconnaissance Applications},
 month = {July},
 year = {2006},
 isbn = {0-7695-2629-2},
 publisher = {Wireless and Mobile Communications, 2006. ICWMC '06. International Conference on},
 address = {Bucharest},
 pages = {33}
}

@article{JBotSim,
  author = {Arnaud Casteigts},
  title = {The {JBotSim} Library},
  journal = {CoRR},
  volume = {abs/1001.1435},
  year = {2013},
  ee = {http://arxiv.org/abs/1001.1435},
  url={http://jbotsim.sourceforge.net/}
}

@INPROCEEDINGS{Musolesi04anad,
    author = {Mirco Musolesi},
    title = {An ad hoc mobility model founded on social network theory},
    booktitle = {In Proceedings of the 7th ACM international symposium on Modeling, analysis and simulation of wireless and mobile systems},
    year = {2004},
    pages = {20--24},
    publisher = {ACM Press}
}

@MISC{Parunak97"goto,
    author = {Van Dyke Parunak},
    title = {"Go to the Ant": Engineering Principles from Natural Multi-Agent Systems},
    year = {1997}
}

@MISC{VehicularAdHocNetworks,
    author = {Amit Kumar Saha and David B. Johnson},
    title = {Modeling Mobility for Vehicular Ad Hoc Networks},
    month = {Oct},
    year = {2004}
}
